@Inproceedings{Abascal2019ToolsFW,
 author = {J. Abascal and Myriam Arrue and Xabier Valencia},
 booktitle = {Web Accessibility},
 pages = {479-503},
 title = {Tools for Web Accessibility Evaluation},
 year = {2019}
}

% These references are only included to justify my use of identity-first language in this write-up.
@Article{Best2022LanguageMT,
 author = {K. Best and W. Mortenson and Zach Lauzi√®re-Fitzgerald and E. Smith},
 booktitle = {Assistive technology},
 journal = {Assistive Technology},
 pages = {127 - 128},
 title = {Language matters! The long-standing debate between identity-first language and person first language},
 volume = {34},
 year = {2022}
}

@Article{Gernsbacher2017identityfirst,
 author = {M. Gernsbacher},
 booktitle = {Journal of Child Psychology and Psychiatry and Allied Disciplines},
 journal = {Journal of child psychology and psychiatry, and allied disciplines},
 pages = {
          859-861
        },
 title = {Editorial Perspective: The use of person-first language in scholarly writing may accentuate stigma.},
 volume = {58 7},
 year = {2017}
}

